

@inproceedings{linkers,
  address =       {New York, NY, USA},
  author =        {Kell, Stephen and Mulligan, Dominic P. and
                   Sewell, Peter},
  booktitle =     {Proceedings of the 2016 ACM SIGPLAN International
                   Conference on Object-Oriented Programming, Systems,
                   Languages, and Applications},
  pages =         {607--623},
  publisher =     {ACM},
  series =        {OOPSLA 2016},
  title =         {The Missing Link: Explaining ELF Static Linking,
                   Semantically},
  year =          {2016},
  doi =           {10.1145/2983990.2983996},
  isbn =          {978-1-4503-4444-9},
}

@inproceedings{inlineassembly,
  address =       {New York, NY, USA},
  author =        {Rigger, Manuel and Marr, Stefan and Kell, Stephen and
                   Leopoldseder, David and
                   M\"{o}ssenb\"{o}ck, Hanspeter},
  booktitle =     {Proceedings of the 14th ACM SIGPLAN/SIGOPS
                   International Conference on Virtual Execution
                   Environments},
  pages =         {84--99},
  publisher =     {ACM},
  series =        {VEE '18},
  title =         {An Analysis of x86-64 Inline Assembly in C Programs},
  year =          {2018},
  doi =           {10.1145/3186411.3186418},
  isbn =          {978-1-4503-5579-7},
  url =           {http://doi.acm.org/10.1145/3186411.3186418},
}

@misc{clanggccsupport,
  author =        {{Clang Team}},
  title =         {Clang Language Extensions. Builtin Functions},
  year =          {2018},
  url =           {https://clang.llvm.org/docs/LanguageExtensions.html},
}

@misc{iccgccsupport,
  author =        {John O'Neill},
  title =         {Intel Compilers for Linux: Compatibility with GNU
                   Compilers},
  year =          {2006},
}

@inproceedings{llvm,
  address =       {Washington, DC, USA},
  author =        {Lattner, Chris and Adve, Vikram},
  booktitle =     {Proceedings of the International Symposium on Code
                   Generation and Optimization: Feedback-directed and
                   Runtime Optimization},
  pages =         {75--},
  publisher =     {IEEE Computer Society},
  series =        {CGO '04},
  title =         {LLVM: A Compilation Framework for Lifelong Program
                   Analysis \& Transformation},
  year =          {2004},
  isbn =          {0-7695-2102-9},
}

@article{compcert1,
  address =       {New York, NY, USA},
  author =        {Leroy, Xavier},
  journal =       {Commun. ACM},
  month =         jul,
  number =        {7},
  pages =         {107--115},
  publisher =     {ACM},
  title =         {Formal Verification of a Realistic Compiler},
  volume =        {52},
  year =          {2009},
  doi =           {10.1145/1538788.1538814},
  issn =          {0001-0782},
}

@article{compcert2,
  author =        {Leroy, Xavier},
  journal =       {Journal of Automated Reasoning},
  number =        {4},
  pages =         {363--446},
  publisher =     {Springer},
  title =         {A formally verified compiler back-end},
  volume =        {43},
  year =          {2009},
}

@inproceedings{clangstaticanalyzer,
  address =       {Berlin, Heidelberg},
  author =        {Xu, Zhongxing and Kremenek, Ted and Zhang, Jian},
  booktitle =     {Proceedings of the 4th International Conference on
                   Leveraging Applications of Formal Methods,
                   Verification, and Validation - Volume Part I},
  pages =         {535--548},
  publisher =     {Springer-Verlag},
  series =        {ISoLA'10},
  title =         {A Memory Model for Static Analysis of C Programs},
  year =          {2010},
  isbn =          {3-642-16557-5, 978-3-642-16557-3},
}

@article{splint,
  address =       {Los Alamitos, CA, USA},
  author =        {Evans, David and Larochelle, David},
  journal =       {IEEE Softw.},
  month =         jan,
  number =        {1},
  pages =         {42--51},
  publisher =     {IEEE Computer Society Press},
  title =         {Improving Security Using Extensible Lightweight
                   Static Analysis},
  volume =        {19},
  year =          {2002},
  doi =           {10.1109/52.976940},
  issn =          {0740-7459},
}

@article{lclint,
  address =       {New York, NY, USA},
  author =        {Evans, David and Guttag, John and Horning, James and
                   Tan, Yang Meng},
  booktitle =     {Proceedings of the 2Nd ACM SIGSOFT Symposium on
                   Foundations of Software Engineering},
  pages =         {87--96},
  publisher =     {ACM},
  series =        {SIGSOFT '94},
  title =         {LCLint: A Tool for Using Specifications to Check
                   Code},
  year =          {1994},
  doi =           {10.1145/193173.195297},
  isbn =          {0-89791-691-3},
}

@misc{framacinline,
  author =        {Deng Xu},
  note =          {(Accessed October 2017)},
  title =         {[Frama-c-discuss] inline assembly code},
  year =          {2011},
  url =           {https://lists.gforge.inria.fr/pipermail/frama-c-discuss/
                  2011-March/002589.html},
}

@inproceedings{uno,
  author =        {Holzmann, Gerard J},
  booktitle =     {Proc. IDPT},
  title =         {UNO: Static source code checking for user-defined
                   properties},
  volume =        {2},
  year =          {2002},
}

@inproceedings{depths,
  address =       {New York, NY, USA},
  author =        {Memarian, Kayvan and Matthiesen, Justus and
                   Lingard, James and Nienhuis, Kyndylan and
                   Chisnall, David and Watson, Robert N. M. and
                   Sewell, Peter},
  booktitle =     {Proceedings of the 37th ACM SIGPLAN Conference on
                   Programming Language Design and Implementation},
  pages =         {1--15},
  publisher =     {ACM},
  series =        {PLDI '16},
  title =         {Into the Depths of C: Elaborating the De Facto
                   Standards},
  year =          {2016},
  doi =           {10.1145/2908080.2908081},
  isbn =          {978-1-4503-4261-2},
}

@inproceedings{typedc11semantics,
  address =       {New York, NY, USA},
  author =        {Krebbers, Robbert and Wiedijk, Freek},
  booktitle =     {Proceedings of the 2015 Conference on Certified
                   Programs and Proofs},
  pages =         {15--27},
  publisher =     {ACM},
  series =        {CPP '15},
  title =         {A Typed C11 Semantics for Interactive Theorem
                   Proving},
  year =          {2015},
  doi =           {10.1145/2676724.2693571},
  isbn =          {978-1-4503-3296-5},
}

@inproceedings{cadar_klee_2008,
  address =       {Berkeley, CA, USA},
  author =        {Cadar, Cristian and Dunbar, Daniel and
                   Engler, Dawson},
  booktitle =     {Proceedings of the 8th USENIX conference on Operating
                   systems design and implementation},
  pages =         {209--224},
  publisher =     {USENIX Association},
  series =        {OSDI'08},
  title =         {{KLEE}: unassisted and automatic generation of
                   high-coverage tests for complex systems programs},
  year =          {2008},
}

@inproceedings{native-sulong,
  address =       {New York, NY, USA},
  author =        {Rigger, Manuel and Grimmer, Matthias and
                   Wimmer, Christian and W\"{u}rthinger, Thomas and
                   M\"{o}ssenb\"{o}ck, Hanspeter},
  booktitle =     {Proceedings of the 8th International Workshop on
                   Virtual Machines and Intermediate Languages},
  pages =         {6--15},
  publisher =     {ACM},
  series =        {VMIL 2016},
  title =         {Bringing Low-level Languages to the JVM: Efficient
                   Execution of LLVM IR on Truffle},
  year =          {2016},
  doi =           {10.1145/2998415.2998416},
  isbn =          {978-1-4503-4645-0},
}

@inproceedings{asplos,
  address =       {New York, NY, USA},
  author =        {Rigger, Manuel and Schatz, Roland and
                   Mayrhofer, Ren{\'e} and Grimmer, Matthias and
                   M\"{o}ssenb\"{o}ck, Hanspeter},
  booktitle =     {Proceedings of the Twenty-Third International
                   Conference on Architectural Support for Programming
                   Languages and Operating Systems},
  pages =         {377--391},
  publisher =     {ACM},
  series =        {ASPLOS '18},
  title =         {Sulong, and Thanks for All the Bugs: Finding Errors
                   in C Programs by Abstracting from the Native
                   Execution Model},
  year =          {2018},
  doi =           {10.1145/3173162.3173174},
  isbn =          {978-1-4503-4911-6},
  url =           {http://doi.acm.org/10.1145/3173162.3173174},
}

@inproceedings{msan,
  author =        {Stepanov, Evgeniy and Serebryany, Konstantin},
  booktitle =     {Code Generation and Optimization (CGO), 2015 IEEE/ACM
                   International Symposium on},
  organization =  {IEEE},
  pages =         {46--55},
  title =         {MemorySanitizer: fast detector of uninitialized
                   memory use in C++},
  year =          {2015},
}

@inproceedings{asan,
  author =        {Serebryany, Konstantin and Bruening, Derek and
                   Potapenko, Alexander and Vyukov, Dmitriy},
  booktitle =     {USENIX Annual Technical Conference},
  pages =         {309--318},
  title =         {AddressSanitizer: A Fast Address Sanity Checker.},
  year =          {2012},
}

@inproceedings{softbound,
  address =       {New York, NY, USA},
  author =        {Nagarakatte, Santosh and Zhao, Jianzhou and
                   Martin, Milo M.K. and Zdancewic, Steve},
  booktitle =     {Proceedings of the 30th ACM SIGPLAN Conference on
                   Programming Language Design and Implementation},
  pages =         {245--258},
  publisher =     {ACM},
  series =        {PLDI '09},
  title =         {SoftBound: Highly Compatible and Complete Spatial
                   Memory Safety for C},
  year =          {2009},
  doi =           {10.1145/1542476.1542504},
  isbn =          {978-1-60558-392-1},
}

@article{cets,
  author =        {Nagarakatte, Santosh and Zhao, Jianzhou and
                   Martin, Milo M.K. and Zdancewic, Steve},
  journal =       {Proceedings of the International Symposium on Memory
                   Management},
  month =         jun,
  number =        {8},
  pages =         {31--40},
  title =         {CETS: Compiler Enforced Temporal Safety for C},
  volume =        {45},
  year =          {2010},
  issn =          {0362-1340},
}

@article{qiu:javafeatures,
  author =        {Dong Qiu and Bixin Li and Earl T. Barr and
                   Zhendong Su},
  journal =       {Journal of Systems and Software},
  pages =         {160--172},
  title =         {Understanding the syntactic rule usage in java},
  volume =        {123},
  year =          {2017},
  biburl =        {http://dblp.org/rec/bib/journals/jss/QiuLBS17},
  doi =           {10.1016/j.jss.2016.10.017},
}

@article{wu:concurrencyconstructs,
  author =        {Di Wu and Lin Chen and Yuming Zhou and Baowen Xu},
  journal =       {Information {\&} Software Technology},
  pages =         {1--18},
  title =         {An extensive empirical study on {C++} concurrency
                   constructs},
  volume =        {76},
  year =          {2016},
  doi =           {10.1016/j.infsof.2016.04.004},
}

@inproceedings{Casalnuovo:asserts,
  address =       {Piscataway, NJ, USA},
  author =        {Casalnuovo, Casey and Devanbu, Prem and
                   Oliveira, Abilio and Filkov, Vladimir and
                   Ray, Baishakhi},
  booktitle =     {Proceedings of the 37th International Conference on
                   Software Engineering - Volume 1},
  pages =         {755--766},
  publisher =     {IEEE Press},
  series =        {ICSE '15},
  title =         {Assert Use in GitHub Projects},
  year =          {2015},
  isbn =          {978-1-4799-1934-5},
}

@inproceedings{githubpopularity,
  author =        {Hudson Borges and Andr{\'{e}} C. Hora and
                   Marco Tulio Valente},
  booktitle =     {2016 {IEEE} International Conference on Software
                   Maintenance and Evolution, {ICSME} 2016, Raleigh, NC,
                   USA, October 2-7, 2016},
  pages =         {334--344},
  title =         {Understanding the Factors That Impact the Popularity
                   of GitHub Repositories},
  year =          {2016},
  doi =           {10.1109/ICSME.2016.31},
}

@inproceedings{perils,
  address =       {New York, NY, USA},
  author =        {Kalliamvakou, Eirini and Gousios, Georgios and
                   Blincoe, Kelly and Singer, Leif and German, Daniel M. and
                   Damian, Daniela},
  booktitle =     {Proceedings of the 11th Working Conference on Mining
                   Software Repositories},
  pages =         {92--101},
  publisher =     {ACM},
  series =        {MSR 2014},
  title =         {The Promises and Perils of Mining GitHub},
  year =          {2014},
  doi =           {10.1145/2597073.2597074},
  isbn =          {978-1-4503-2863-0},
}

@inproceedings{Nagappan:diversity,
  address =       {New York, NY, USA},
  author =        {Nagappan, Meiyappan and Zimmermann, Thomas and
                   Bird, Christian},
  booktitle =     {Proceedings of the 2013 9th Joint Meeting on
                   Foundations of Software Engineering},
  pages =         {466--476},
  publisher =     {ACM},
  series =        {ESEC/FSE 2013},
  title =         {Diversity in Software Engineering Research},
  year =          {2013},
  doi =           {10.1145/2491411.2491415},
  isbn =          {978-1-4503-2237-9},
  url =           {http://doi.acm.org/10.1145/2491411.2491415},
}

@article{Munaiah2017,
  address =       {Hingham, MA, USA},
  author =        {Munaiah, Nuthan and Kroh, Steven and Cabrey, Craig and
                   Nagappan, Meiyappan},
  journal =       {Empirical Softw. Engg.},
  month =         dec,
  number =        {6},
  pages =         {3219--3253},
  publisher =     {Kluwer Academic Publishers},
  title =         {Curating GitHub for Engineered Software Projects},
  volume =        {22},
  year =          {2017},
  doi =           {10.1007/s10664-017-9512-6},
  issn =          {1382-3256},
  url =           {https://doi.org/10.1007/s10664-017-9512-6},
}

@inproceedings{rose,
  author =        {Dan Quinlan},
  booktitle =     {Proceedings of Conference on Parallel Compilers
                   (CPC2000), Aussois, France},
  publisher =     {Springer Verlag},
  series =        {Parallel Processing Letters},
  title =         {ROSE: Compiler Support for Object-Oriented
                   Frameworks},
  volume =        {10},
  year =          {2000},
}

@article{duplicates,
  address =       {New York, NY, USA},
  author =        {Lopes, Cristina V. and Maj, Petr and Martins, Pedro and
                   Saini, Vaibhav and Yang, Di and Zitny, Jakub and
                   Sajnani, Hitesh and Vitek, Jan},
  journal =       {Proc. ACM Program. Lang.},
  month =         oct,
  number =        {OOPSLA},
  pages =         {84:1--84:28},
  publisher =     {ACM},
  title =         {D{\'e}J\`{a}Vu: A Map of Code Duplicates on GitHub},
  volume =        {1},
  year =          {2017},
  doi =           {10.1145/3133908},
  issn =          {2475-1421},
}

@article{intoverflow,
  address =       {Piscataway, NJ, USA},
  author =        {Dietz, Will and Li, Peng and Regehr, John and
                   Adve, Vikram},
  booktitle =     {Proceedings of the 34th International Conference on
                   Software Engineering},
  pages =         {760--770},
  publisher =     {IEEE Press},
  series =        {ICSE '12},
  title =         {Understanding Integer Overflow in C/C++},
  year =          {2012},
  isbn =          {978-1-4673-1067-3},
}

@misc{gccdevs,
  author =        {Manuel Rigger},
  howpublished =      {\url{https://gcc.gnu.org/ml/gcc/2018-01/msg00166.html}},
  title =         {Unused GCC builtins (GCC Mailing List)},
  year =          {2018},
}

@article{rigger2018context,
  author =        {Rigger, Manuel and Pekarek, Daniel and
                   M{\"o}ssenb{\"o}ck, Hanspeter},
  booktitle =     {International Conference on Network and System
                   Security},
  organization =  {Springer},
  pages =         {376--390},
  title =         {Context-Aware Failure-Oblivious Computing as a Means
                   of Preventing Buffer Overflows},
  year =          {2018},
  doi =           {https://doi.org/10.1007/978-3-030-02744-5_28},
}

@article{intelmpx,
  author =        {Oleksii Oleksenko and Dmitrii Kuvaiskii and
                   Pramod Bhatotia and Pascal Felber and
                   Christof Fetzer},
  journal =       {CoRR},
  title =         {Intel {MPX} Explained: An Empirical Study of Intel
                   {MPX} and Software-based Bounds Checking Approaches},
  volume =        {abs/1702.00719},
  year =          {2017},
}

@article{introspection,
  author =        {Rigger, Manuel and Schatz, Roland and Mayrhofer, Rene and
                   Grimmer, Matthias and M\"{o}ssenb\"{o}ck, Hanspeter},
  journal =       {The Art, Science, and Engineering of Programming},
  number =        {2},
  title =         {{Introspection for C and its Applications to Library
                   Robustness}},
  year =          {2018},
  doi =
  {https://doi.org/10.22152/programming-journal.org/2018/2/4},
}

@misc{cilkplusplus,
  author =        {Intel},
  title =         {Cilk Plus},
  url =           {https://www.cilkplus.org/},
}

@misc{cilkremove,
  author =        {Julia Koval},
  howpublished =
  {\url{https://gcc.gnu.org/ml/gcc-patches/2017-11/msg01345.html}},
  title =         {remove cilk-plus},
  year =          {2017},
}

@inproceedings{Parnin2017,
  address =       {Piscataway, NJ, USA},
  author =        {Mirhosseini, Samim and Parnin, Chris},
  booktitle =     {Proceedings of the 32Nd IEEE/ACM International
                   Conference on Automated Software Engineering},
  pages =         {84--94},
  publisher =     {IEEE Press},
  series =        {ASE 2017},
  title =         {Can Automated Pull Requests Encourage Software
                   Developers to Upgrade Out-of-date Dependencies?},
  year =          {2017},
  isbn =          {978-1-5386-2684-9},
  url =           {http://dl.acm.org/citation.cfm?id=3155562.3155577},
}

@article{campbell13,
  author =        {John L. Campbell and Charles Quincy and
                   Jordan Osserman and Ove K. Pedersen},
  journal =       {Sociological Methods \& Research},
  number =        {3},
  pages =         {294-320},
  title =         {Coding In-depth Semistructured Interviews: Problems
                   of Unitization and Intercoder Reliability and
                   Agreement},
  volume =        {42},
  year =          {2013},
}

@article{15-percent,
  author =        {Marcia W. DiStaso and Denise Sevick Bortree},
  journal =       {Public Relations Review},
  note =          {Public Relations History},
  number =        {3},
  pages =         {511--514},
  title =         {Multi-method analysis of transparency in social media
                   practices: Survey, interviews and content analysis},
  volume =        {38},
  year =          {2012},
  doi =           {https://doi.org/10.1016/j.pubrev.2012.01.003},
  issn =          {0363-8111},
  url =           {http://www.sciencedirect.com/science/article/pii/
                  S0363811112000069},
}

@article{10-15-percent,
  author =        {Lombard, Matthew and Snyder-Duch, Jennifer and
                   Bracken, Cheryl Campanella},
  journal =       {Human Communication Research},
  number =        {4},
  pages =         {587-604},
  title =         {Content Analysis in Mass Communication: Assessment
                   and Reporting of Intercoder Reliability},
  volume =        {28},
  doi =           {10.1111/j.1468-2958.2002.tb00826.x},
  url =           {https://onlinelibrary.wiley.com/doi/abs/10.1111/j.1468-
                  2958.2002.tb00826.x},
}

@article{Cunningham1993,
  author =        {Cunningham, Ward},
  booktitle =     {OOPS Messenger},
  month =         {04},
  pages =         {29-30},
  title =         {The WyCash portfolio management system},
  volume =        {4},
  year =          {1993},
}

@misc{compcertissue,
  author =        {Manuel Rigger},
  howpublished =  {\url{https://github.com/AbsInt/CompCert/issues/243}},
  title =         {Support of GCC Builtins (CompCert GitHub Bug Report)},
  year =          {2018},
}

@misc{tccissue,
  author =        {Manuel Rigger},
  howpublished =
  {\url{http://lists.nongnu.org/archive/html/tinycc-devel/2018-07/msg00007.html}},
  title =         {Support of GCC Builtins (Tiny C Compiler Mailing
                   List)},
  year =          {2018},
}

@inproceedings{cil,
  address =       {London, UK, UK},
  author =        {Necula, George C. and McPeak, Scott and
                   Rahul, Shree Prakash and Weimer, Westley},
  booktitle =     {Proceedings of the 11th International Conference on
                   Compiler Construction},
  pages =         {213--228},
  publisher =     {Springer-Verlag},
  series =        {CC '02},
  title =         {CIL: Intermediate Language and Tools for Analysis and
                   Transformation of C Programs},
  year =          {2002},
  isbn =          {3-540-43369-4},
}

@misc{cilissue,
  author =        {Manuel Rigger},
  howpublished =  {\url{https://github.com/cil-project/cil/issues/44}},
  title =         {GCC Builtin Support (CIL Github Bug Report)},
  year =          {2018},
}

@inproceedings{Cuoq2012,
  address =       {Berlin, Heidelberg},
  author =        {Cuoq, Pascal and Kirchner, Florent and
                   Kosmatov, Nikolai and Prevosto, Virgile and
                   Signoles, Julien and Yakobowski, Boris},
  booktitle =     {Software Engineering and Formal Methods},
  editor =        {Eleftherakis, George and Hinchey, Mike and
                   Holcombe, Mike},
  pages =         {233--247},
  publisher =     {Springer Berlin Heidelberg},
  title =         {Frama-C},
  year =          {2012},
  abstract =      {Frama-C is a source code analysis platform that aims
                   at conducting verification of industrial-size C
                   programs. It provides its users with a collection of
                   plug-ins that perform static analysis, deductive
                   verification, and testing, for safety- and
                   security-critical software. Collaborative
                   verification across cooperating plug-ins is enabled
                   by their integration on top of a shared kernel and
                   datastructures, and their compliance to a common
                   specification language. This foundational article
                   presents a consolidated view of the platform, its
                   main and composite analyses, and some of its
                   industrial achievements.},
  isbn =          {978-3-642-33826-7},
}

@article{Kirchner2015,
  author =        {Kirchner, Florent and Kosmatov, Nikolai and
                   Prevosto, Virgile and Signoles, Julien and
                   Yakobowski, Boris},
  journal =       {Formal Aspects of Computing},
  month =         {May},
  number =        {3},
  pages =         {573--609},
  title =         {Frama-C: A software analysis perspective},
  volume =        {27},
  year =          {2015},
  abstract =      {Frama-C is a source code analysis platform that aims
                   at conducting verification of industrial-size C
                   programs. It provides its users with a collection of
                   plug-ins that perform static analysis, deductive
                   verification, and testing, for safety- and
                   security-critical software. Collaborative
                   verification across cooperating plug-ins is enabled
                   by their integration on top of a shared kernel and
                   datastructures, and their compliance to a common
                   specification language. This foundational article
                   presents a consolidated view of the platform, its
                   main and composite analyses, and some of its
                   industrial achievements.},
  doi =           {10.1007/s00165-014-0326-7},
  issn =          {1433-299X},
}

@misc{framacissue,
  author =        {Manuel Rigger},
  howpublished =
  {\url{https://lists.gforge.inria.fr/pipermail/frama-c-discuss/2018-July/005483.html}},
  title =         {GCC Builtins Support (Frama-C Mailing List)},
  year =          {2018},
}

@inproceedings{Ellison2012,
  address =       {New York, NY, USA},
  author =        {Ellison, Chucky and Rosu, Grigore},
  booktitle =     {Proceedings of the 39th Annual ACM SIGPLAN-SIGACT
                   Symposium on Principles of Programming Languages},
  pages =         {533--544},
  publisher =     {ACM},
  series =        {POPL '12},
  title =         {An Executable Formal Semantics of C with
                   Applications},
  year =          {2012},
  doi =           {10.1145/2103656.2103719},
  isbn =          {978-1-4503-1083-3},
}

@inproceedings{undefinedness,
  address =       {New York, NY, USA},
  author =        {Hathhorn, Chris and Ellison, Chucky and
                   Ro\c{s}u, Grigore},
  booktitle =     {Proceedings of the 36th ACM SIGPLAN Conference on
                   Programming Language Design and Implementation},
  pages =         {336--345},
  publisher =     {ACM},
  series =        {PLDI '15},
  title =         {Defining the Undefinedness of C},
  year =          {2015},
  doi =           {10.1145/2737924.2737979},
  isbn =          {978-1-4503-3468-6},
}

@misc{sulongissue,
  author =        {Thomas Pointhuber},
  howpublished =  {\url{https://github.com/graalvm/sulong/pull/807}},
  title =         {Add some testcases for builtins, little bugfixes
                   (Sulong GitHub Pull Request)},
  year =          {2017},
}

@misc{kccissue,
  author =        {Manuel Rigger},
  howpublished =
  {\url{https://github.com/kframework/c-semantics/issues/318}},
  title =         {GCC Builtins (C-Semantics GitHub Bug Report)},
  year =          {2018},
}

@article{cpreprocessor,
  address =       {Piscataway, NJ, USA},
  author =        {Ernst, Michael D. and Badros, Greg J. and
                   Notkin, David},
  journal =       {IEEE Trans. Softw. Eng.},
  month =         dec,
  number =        {12},
  pages =         {1146--1170},
  publisher =     {IEEE Press},
  title =         {An Empirical Analysis of C Preprocessor Use},
  volume =        {28},
  year =          {2002},
  doi =           {10.1109/TSE.2002.1158288},
  issn =          {0098-5589},
}

@inproceedings{Martin:make,
  address =       {Piscataway, NJ, USA},
  author =        {Martin, Douglas H. and Cordy, James R. and
                   Adams, Bram and Antoniol, Giulio},
  booktitle =     {Proceedings of the 2015 IEEE 23rd International
                   Conference on Program Comprehension},
  pages =         {207--217},
  publisher =     {IEEE Press},
  series =        {ICPC '15},
  title =         {Make It Simple: An Empirical Analysis of GNU Make
                   Feature Use in Open Source Projects},
  year =          {2015},
}

@inproceedings{dyer:javafeatures,
  author =        {Dyer, Robert and Rajan, Hridesh and Nguyen, Hoan Anh and
                   Nguyen, Tien N.},
  booktitle =     {36th International Conference on Software
                   Engineering},
  month =         {June},
  pages =         {779--790},
  series =        {ICSE'14},
  title =         {Mining Billions of {AST} Nodes to Study Actual and
                   Potential Usage of {Java} Language Features},
  year =          {2014},
}

@inproceedings{ewan:javafields,
  author =        {Ewan D. Tempero},
  booktitle =     {20th Australian Software Engineering Conference
                   {(ASWEC} 2009), 14-17 April 2009, Gold Cost,
                   Australia},
  pages =         {91--100},
  title =         {How Fields are Used in Java: An Empirical Study},
  year =          {2009},
  biburl =        {http://dblp.org/rec/bib/conf/aswec/Tempero09},
  doi =           {10.1109/ASWEC.2009.19},
}

@inproceedings{Tempero:javainheritance,
  address =       {Berlin, Heidelberg},
  author =        {Tempero, Ewan and Noble, James and Melton, Hayden},
  booktitle =     {Proceedings of the 22Nd European Conference on
                   Object-Oriented Programming},
  pages =         {667--691},
  publisher =     {Springer-Verlag},
  series =        {ECOOP '08},
  title =         {How Do Java Programs Use Inheritance? An Empirical
                   Study of Inheritance in Java Software},
  year =          {2008},
  doi =           {10.1007/978-3-540-70592-5_28},
  isbn =          {978-3-540-70591-8},
}

@inproceedings{Asaduzzaman:javaexceptions,
  address =       {New York, NY, USA},
  author =        {Asaduzzaman, Muhammad and Ahasanuzzaman, Muhammad and
                   Roy, Chanchal K. and Schneider, Kevin A.},
  booktitle =     {Proceedings of the 13th International Conference on
                   Mining Software Repositories},
  pages =         {516--519},
  publisher =     {ACM},
  series =        {MSR '16},
  title =         {How Developers Use Exception Handling in Java?},
  year =          {2016},
  doi =           {10.1145/2901739.2903500},
  isbn =          {978-1-4503-4186-8},
}

@inproceedings{Nakshatri:javaexceptions,
  address =       {New York, NY, USA},
  author =        {Nakshatri, Suman and Hegde, Maithri and
                   Thandra, Sahithi},
  booktitle =     {Proceedings of the 13th International Conference on
                   Mining Software Repositories},
  pages =         {500--503},
  publisher =     {ACM},
  series =        {MSR '16},
  title =         {Analysis of Exception Handling Patterns in Java
                   Projects: An Empirical Study},
  year =          {2016},
  doi =           {10.1145/2901739.2903499},
  isbn =          {978-1-4503-4186-8},
}

@inproceedings{Sena:javaexceptions,
  address =       {New York, NY, USA},
  author =        {Sena, Dem\'{o}stenes and Coelho, Roberta and
                   Kulesza, Uir\'{a} and Bonif\'{a}cio, Rodrigo},
  booktitle =     {Proceedings of the 13th International Conference on
                   Mining Software Repositories},
  pages =         {212--222},
  publisher =     {ACM},
  series =        {MSR '16},
  title =         {Understanding the Exception Handling Strategies of
                   Java Libraries: An Empirical Study},
  year =          {2016},
  doi =           {10.1145/2901739.2901757},
  isbn =          {978-1-4503-4186-8},
}

@article{Mazinanian:javalambda,
  address =       {New York, NY, USA},
  author =        {Mazinanian, Davood and Ketkar, Ameya and
                   Tsantalis, Nikolaos and Dig, Danny},
  journal =       {Proc. ACM Program. Lang.},
  month =         oct,
  number =        {OOPSLA},
  pages =         {85:1--85:31},
  publisher =     {ACM},
  title =         {Understanding the Use of Lambda Expressions in Java},
  volume =        {1},
  year =          {2017},
  doi =           {10.1145/3133909},
  issn =          {2475-1421},
}

@article{okur:androidasync,
  author =        {Okur, Semih and Dig, Danny and Lin, Yu},
  title =         {Study and Refactoring of Android Asynchronous
                   Programming},
  year =          {2015},
}

@inproceedings{wu:cpptemplates,
  author =        {Di Wu and Lin Chen and Yuming Zhou and Baowen Xu},
  booktitle =     {The 26th International Conference on Software
                   Engineering and Knowledge Engineering, Hyatt Regency,
                   Vancouver, BC, Canada, July 1-3, 2013.},
  pages =         {144--149},
  title =         {An empirical study on the adoption of {C++}
                   templates: Library templates versus user defined
                   templates},
  year =          {2014},
  biburl =        {http://dblp.org/rec/bib/conf/seke/WuCZX14},
}

@inproceedings{sutton:cppgenerics,
  author =        {Andrew M. Sutton and Ryan Holeman and
                   Jonathan I. Maletic},
  booktitle =     {The 18th {IEEE} International Conference on Program
                   Comprehension, {ICPC} 2010, Braga, Minho, Portugal,
                   June 30-July 2, 2010},
  pages =         {160--169},
  title =         {Identification of Idiom Usage in {C++} Generic
                   Libraries},
  year =          {2010},
  doi =           {10.1109/ICPC.2010.37},
}

@inproceedings{Nagappan:goto,
  address =       {New York, NY, USA},
  author =        {Nagappan, Meiyappan and Robbes, Romain and
                   Kamei, Yasutaka and Tanter, \'{E}ric and
                   McIntosh, Shane and Mockus, Audris and
                   Hassan, Ahmed E.},
  booktitle =     {Proceedings of the 2015 10th Joint Meeting on
                   Foundations of Software Engineering},
  pages =         {404--414},
  publisher =     {ACM},
  series =        {ESEC/FSE 2015},
  title =         {An Empirical Study of Goto in C Code from GitHub
                   Repositories},
  year =          {2015},
  doi =           {10.1145/2786805.2786834},
  isbn =          {978-1-4503-3675-8},
}

